<?xml version="1.0" encoding="UTF-8"?><record xmlns="http://www.loc.gov/MARC21/slim" xmlns:cinclude="http://apache.org/cocoon/include/1.0" xmlns:zs="http://www.loc.gov/zing/srw/">
  <leader>00346nz  a2200133n  4500</leader>
  <controlfield tag="001">no2009087533</controlfield>
  <controlfield tag="003">DLC</controlfield>
  <controlfield tag="005">20090610075459.0</controlfield>
  <controlfield tag="008">090608n| acannaabn          |n aaa     c</controlfield>
  <datafield tag="010" ind1=" " ind2=" ">
    <subfield code="a">no2009087533</subfield>
  </datafield>
  <datafield tag="035" ind1=" " ind2=" ">
    <subfield code="a">(OCoLC)oca08133972</subfield>
  </datafield>
  <datafield tag="040" ind1=" " ind2=" ">
    <subfield code="a">MnMN</subfield>
    <subfield code="b">eng</subfield>
    <subfield code="c">MnMN</subfield>
  </datafield>
  <datafield tag="100" ind1="1" ind2=" ">
    <subfield code="a">Tofte, Ted</subfield>
  </datafield>
  <datafield tag="670" ind1=" " ind2=" ">
    <subfield code="a">Wonderland of the herringchokers, 1982:</subfield>
    <subfield code="b">t.p. (Ted Tofte)</subfield>
  </datafield>
</record>